% ---------- Papers ------

%%%%%%% ---- 2016 CAARI Papers

% Others
%!!!! Do the ANS 2012 Abstract for Mesh Human Phantoms %

@article{ans_2012,
	title = {Unstructured mesh human phantoms with MCNP},
	author = {Casey Anderson and Karen Kelley and Tim Goorley},
	journal = {Transactions of the American Nuclear Society},
	volume = {106},
	pages = {50-51},
	year = {2012},
}

%%% MCNP 6 Users Manual
@article{mcnp62_manual,
	author = {Editors},
	journal = {LANL report},
	title = {MCNP6.2 User's Manual},
	year = {2017},
}

@misc{useful_prompt_lacp,
	title = {Useful prompt radiation applications and capabilities with MCNP6 (LA-CP-12-00490)},
	author = {Tim Goorley and Casey Anderson and et. al},
	year = {2012},
	note = {Nuclear Weapons Effects User Group},
}

@inproceedings{mcnp6_efforts_lacp,
	title = {MCNP6 Efforts for EMP, atmospheric dispersal, and unstructured mesh tracking (LA-CP-01705)},
	author = {Tim Goorley and Jeff Bull and et. al},
	crossref = {nedpc},
}

@proceedings{nedpc,
	author = {Nuclear Explosives Design Physics Conference},
	title = {Proceedings of the Nuclear Explosives Design Physics Conference 2011},
	booktitle = {Proceedings of the Nuclear Explovies Design Physics Conference 2011},
	month = {oct},
	year = {2012},
	venue = {Los Alamos National Laboratory, Los Alamos, New Mexico},
}


@inproceedings{ ieee_nss_paper,
	title = {MCNP6 Built-in High Level Detector Responses},
	author = {Casey Anderson and Gregg McKinney},
	crossref = {ieee_nss_main},
}

@proceedings{ieee_nss_main,
	author = {IEEE},
	title = {2017 IEEE Nuclear Science Symposium and Medical Imaging Conference},
	booktitle = {2017 IEEE Nuclear Science Symposium and Medical Imaging Conference},
	month = {oct},
	year = {2017},
	venue = {Atlanta, Georgia},
}


@inproceedings{ caari_2016_paper_1,
	title = {Delta-ray production in MCNP6.2.0 (LA-UR-16-25402)},
	author = {Casey Anderson and James Tutt and Mike James and Gregg McKinney},
	crossref = {caari_2016_main},
}

@inproceedings{ caari_2016_paper_2,
	title = {Background-Source Cosmic-Photon Elevation Scaling and Cosmic-Neutron/Photon Date Scaling in MCNP6 (LA-UR-16-24928)},
	author = {James Tutt and Casey Anderson and Gregg McKinney},
	crossref = {caari_2016_main},
}

@proceedings{caari_2016_main,
	author = {CAARI},
	title = {24th Conference on Applications of Accelerators in Research and Industry},
	booktitle = {24th Conference on Applications of Accelerators in Research and Industry},
	month = {nov},
	year = {2016},
	venue = {Forth Worth, Texas},
}

%%%%%%% ---- 2016 ANS Winter Paper ---- 

@inproceedings{ ans_summer2017_jrt_paper,
	title = {Speed and Memory Improvements to MCNP6 Delayed-Gamma Line Treatment (LA-UR-21050)},
	author = {James Tutt and Gregg McKinney},
	crossref = {ans_summer2017_main},
}

@inproceedings{ ans_summer2017_paper,
	title = {Neutron and Gamma Correlations using CGM in MCNP 6.2.0 (LA-UR-20353)},
	author = {Casey Anderson and Gregg McKinney and James Tutt and Mike James},
	crossref = {ans_summer2017_main},
}

@proceedings{ans_summer2017_main,
	author = {ANS},
	title = {Proceedings of the 27th American Nuclear Society Summer Meeting},
	booktitle = {Proceedings of the 27th American Nuclear Society Summer Meeting},
	month = june,
	year = 2017,
	venue = {San Fransisco, California},
}

@inproceedings{ ans_winter2016_paper,
	title = {Delayed-Gamma Energy Biasing with Exact Energy Sampling in MCNP6.2.0 (LA-UR-16-24057)},
	author = {James Tutt and Casey Anderson and Gregg McKinney},
	crossref = {ans_winter2016_main},
}

@proceedings{ans_winter2016_main,
	author = {ANS},
	title = {Proceedings of the 26th American Nuclear Society Winter Meeting},
	booktitle = {Proceedings of the 26th American Nuclear Society Winter Meeting},
	month = oct,
	year = 2016,
	venue = {Las Vegas, Nevada},
}

%%%%%%% ---- 2015 CMRR high field

@inproceedings{ cmrr_2015_paper,
	title = {Volume-parcellated Quantitative Susceptibility Mapping of the Human Brain at 7T},
	author = {Casey Anderson and Kevin Koch},
	crossref = {cmrr_2015_main},
}

@proceedings{cmrr_2015_main,
	author = {CMRR},
	title = {2015 Minnesota Workshop on High and Ultra-High Field Imaging},
	month = oct,
	year = 2015,
	venue = {Minneapolis, Minnesota},
}

%%%%%%% ---- 2015 CMRR high field

@inproceedings{ ismrm_2014_paper,
	title = {Quantitative Susceptibility Mapping to Assess Iron Levels in Rat Brain Tumors},
	author = {Casey Anderson and Kimberley Pechman and Kathleen Schmainda},
	crossref = {ismrm_2014_main},
}
	

% -- Maybe use this? booktitle = {Proceedings of 24th International Society of Magnetic Resonance in Medicine Conference},
@proceedings{ismrm_2014_main,
	author = {ISMRM-ESMRMB},
	title = {Proceedings of the International Society of Magnetic Resonance in Medicine 22nd Conference},
	booktitle = {Proceedings of the International Society of Magnetic Resonance in Medicine 22nd Conference},
	month = May,
	year = 2014,
	venue = {Milan, Italy},
}

@inproceedings{ ismrm_2016_paper,
	title = {Volume-Paracellated Quantitative Susceptibility Mapping},
	author = {Casey Anderson and Andrew Nencka and Tugan Muftuler and Kathleen Schmainda and Kevin Koch},
	crossref = {ismrm_2016_main},
}
	
@proceedings{ismrm_2016_main,
	author = {ISMRM},
	title = {Proceedings of the International Society of Magnetic Resonance in Medicine 24th Conference},
	booktitle = {Proceedings of the International Society of Magnetic Resonance in Medicine 24th Conference},
	month = May,
	year = 2016,
	venue = {Singapore, Singapore},
}

%%%%%%% ---- 2012 Abaqus Paper and Talk
@inproceedings{abaqus_2012_paper,
	title = "Mesh Human Phantoms with MCNP (LA-UR-12-01307)",
	author = {Casey Anderson and Tim Goorley and Karen Kelley},
	pages = {556-568},
	crossref = {abaqus_2012_main},
}

@proceedings{abaqus_2012_main,
	author = {Dassault Systemes, Simulia},
	title = {2012 3DS Simulia Community Conference Proceedings},
	booktitle = {2012 3DS Simulia Community Conferece, Conference Proceedings},
	month = may,
	year = 2012,
	venue = {Providence, Rhode Island},
}

% Patent
@misc{koch2016system,
  title={System and method for localized processing of quantitative susceptibility maps in magnetic resonance imaging},
  author={Kevin Koch and Casey Anderson},
  url={https://www.google.com/patents/WO2016209930A1?cl=en},
  year={2016},
  month=dec # "~29",
  publisher={Google Patents},
  note={WO Patent App. PCT/US2016/038,723}
}
